<?xml version="1.0" encoding="UTF-8"?><record xmlns="http://www.loc.gov/MARC21/slim" xmlns:cinclude="http://apache.org/cocoon/include/1.0" xmlns:zs="http://www.loc.gov/zing/srw/">
  <leader>00448cz  a2200145n  4500</leader>
  <controlfield tag="001">n 2014046460</controlfield>
  <controlfield tag="003">DLC</controlfield>
  <controlfield tag="005">20140821073910.0</controlfield>
  <controlfield tag="008">140801n| azannaabn          |a aaa      </controlfield>
  <datafield tag="010" ind1=" " ind2=" ">
    <subfield code="a">n 2014046460</subfield>
    <subfield code="z">no 98108380 </subfield>
  </datafield>
  <datafield tag="035" ind1=" " ind2=" ">
    <subfield code="a">(OCoLC)oca09924823</subfield>
  </datafield>
  <datafield tag="040" ind1=" " ind2=" ">
    <subfield code="a">DLC</subfield>
    <subfield code="b">eng</subfield>
    <subfield code="e">rda</subfield>
    <subfield code="c">DLC</subfield>
    <subfield code="d">DLC</subfield>
    <subfield code="d">IEN</subfield>
  </datafield>
  <datafield tag="100" ind1="1" ind2=" ">
    <subfield code="a">Paz, Octavio,</subfield>
    <subfield code="d">1914-1998.</subfield>
    <subfield code="t">Aguila o sol?</subfield>
    <subfield code="l">English</subfield>
  </datafield>
  <datafield tag="400" ind1="1" ind2=" ">
    <subfield code="a">Paz, Octavio,</subfield>
    <subfield code="d">1914-1998.</subfield>
    <subfield code="t">Eagle or sun?</subfield>
  </datafield>
  <datafield tag="670" ind1=" " ind2=" ">
    <subfield code="a">?Aguila o sol?, Eagle or sun?, 1970.</subfield>
  </datafield>
</record>